% ------------------------------------------------------------------------
% SAMPLE BIBLIOGRAPHY FILE
% ------------------------------------------------------------------------
@inproceedings{ansari2012monolithic,
  title={Monolithic integration of {GaN}-based micromechanical resonators and {HEMT}s for timing applications},
  author={Ansari, Azadeh and Gokhale, Vikrant J and Roberts, John and Rais-Zadeh, Mina},
  booktitle={2012 International Electron Devices Meeting},
  pages={15--5},
  year={2012},
  organization={IEEE}
}

@article{akasaki1989effects,
  title={Effects of ain buffer layer on crystallographic structure and on electrical and optical properties of {GaN} and {Ga}1-x{Al}x{N} (0< xâ‰¦ 0.4) films grown on sapphire substrate by {MOVPE}},
  author={Akasaki, Isamu and Amano, Hiroshi and Koide, Yasuo and Hiramatsu, Kazumasa and Sawaki, Nobuhiko},
  journal={Journal of Crystal Growth},
  volume={98},
  number={1-2},
  pages={209--219},
  year={1989},
  publisher={Elsevier}
}


@article{amano1986metalorganic,
  title={Metalorganic vapor phase epitaxial growth of a high quality {GaN} film using an {AlN} buffer layer},
  author={Amano, Hiroshi and Sawaki, N and Akasaki, I and Toyoda, Y},
  journal={Applied Physics Letters},
  volume={48},
  number={5},
  pages={353--355},
  year={1986},
  publisher={American Institute of Physics}
}

@article{JieLiu2007Influence,
author={Jie Liu and Chong Wang and Qian Feng and Jincheng Zhang and Yue Hao and Yan Yang and Xin Gong},
title={Influence of {ICP} Induced Damage in n-Type {GaN} on {Ni}/{Au} {Schottky} Contact Characteristics},
journal={Semiconductor Technology},
year={2007},
volume={32},
number={1},
pages={40-42,81},
month={1},
}

@article{fang2003etching,
  title={Etching damages on {AlGaN}, {GaN} and {InGaN} caused by hybrid inductively coupled plasma etch and photoenhanced chemical wet etch by {Schottky} contact characterizations},
  author={Fang, Chao-Yi and Huang, Weng-Jung and Chang, Edward Yi and Lin, Chia-Feng and Feng, Ming-Shiann},
  journal={Japanese Journal of Applied Physics},
  volume={42},
  number={7R},
  pages={4207},
  year={2003},
  publisher={IOP Publishing}
}

@book{mack2008fundamental,
  title={Fundamental Principles of Optical Lithography: the science of microfabrication},
  author={Mack, Chris},
  year={2008},
  publisher={John Wiley \& Sons}
}

@book{ram2018advanced,
  title={Advanced Applications in Manufacturing Engineering},
  author={Ram, Mangey and Davim, J Paulo},
  year={2018},
  publisher={Woodhead Publishing}
}

@book{reimer2000scanning,
  title={Scanning Electron Microscopy: physics of image formation and microanalysis},
  author={Reimer, Ludwig},
  year={2000},
  publisher={IOP Publishing}
}

@book{smith2019modern,
  title={Modern Raman Spectroscopy: a practical approach},
  author={Smith, Ewen and Dent, Geoffrey},
  year={2019},
  publisher={John Wiley \& Sons}
}

@book{goldstein2017scanning,
  title={Scanning Electron Microscopy and {X}-ray Microanalysis},
  author={Goldstein, Joseph I and Newbury, Dale E and Michael, Joseph R and Ritchie, Nicholas WM and Scott, John Henry J and Joy, David C},
  year={2017},
  publisher={Springer}
}

@inproceedings{tsujiwet,
  title={Wet cleaning process for {GaN} surface at room temperature},
  author={Tsuji, Yukihiro and Teramoto, Tsukuru Katsuyama1 Akinobu and Shirai, Yasuyuki and Sugawa, Shigetoshi and Ohmi, Tadahiro}
  booktitle={2013 International Conference on Solid State Devices and Materials},
  pages={162--163},
  year={2013},
  organization={The Japan Society of Applied Physics}
}


@book{murphy2019introduction,
  title={Introduction to {AI} Robotics},
  author={Murphy, Robin R},
  year={2019},
  publisher={MIT Press}
}

@book{reinhardt2018handbook,
  title={Handbook of Silicon Wafer Cleaning Technology},
  author={Reinhardt, Karen and Kern, Werner},
  year={2018},
  publisher={William Andrew}
}



@article{king1998cleaning,
  title={Cleaning of {AlN} and {GaN} surfaces},
  author={King, SW and Barnak, JP and Bremser, MD and Tracy, KM and Ronning, C and Davis, RF and Nemanich, RJ},
  journal={Journal of Applied Physics},
  volume={84},
  number={9},
  pages={5248--5260},
  year={1998},
  publisher={American Institute of Physics}
}

@article{choi2013analysis,
  title={Analysis of the residual stress distribution in {AlGaN}/{GaN} high electron mobility transistors},
  author={Choi, Sukwon and Heller, Eric and Dorsey, Donald and Vetury, Ramakrishna and Graham, Samuel},
  journal={Journal of Applied Physics},
  volume={113},
  number={9},
  pages={093510},
  year={2013},
  publisher={American Institute of Physics}
}

@article{cheng2015high,
  title={High mobility AlGaN/GaN heterostructures grown on {Si} substrates using a large lattice-mismatch induced stress control technology},
  author={Cheng, Jianpeng and Yang, Xuelin and Sang, Ling and Guo, Lei and Hu, Anqi and Xu, Fujun and Tang, Ning and Wang, Xinqiang and Shen, Bo},
  journal={Applied Physics Letters},
  volume={106},
  number={14},
  pages={142106},
  year={2015},
  publisher={AIP Publishing LLC}
}

@article{yang2015influence,
  title={Influence of sapphire substrate thickness on the characteristics of {AlGaN/AlN/GaN} heterostructure field-effect transistors},
  author={Yang, Ming and Lin, Zhaojun and Zhao, Jingtao and Wang, Yutang and Li, Zhiyuan and Lv, Yuanjie and Feng, Zhihong},
  journal={Superlattices and Microstructures},
  volume={85},
  pages={43--49},
  year={2015},
  publisher={Elsevier}
}

@book{daroff2014encyclopedia,
  title={Encyclopedia of the Neurological Sciences},
  author={Daroff, Robert B and Aminoff, Michael J},
  year={2014},
  publisher={Academic Press}
}

@article{hua2020flexible,
  title={Flexible {GaN} microwire-based piezotronic sensory memory device},
  author={Hua, Qilin and Sun, Junlu and Liu, Haitao and Cui, Xiao and Ji, Keyu and Guo, Wenbin and Pan, Caofeng and Hu, Weiguo and Wang, Zhong Lin},
  journal={Nano Energy},
  volume={78},
  pages={105312},
  year={2020},
  publisher={Elsevier}
}



@article{zhao2015piezotronic,
  title={Piezotronic effect in polarity-controlled {GaN} nanowires},
  author={Zhao, Zhenfu and Pu, Xiong and Han, Changbao and Du, Chunhua and Li, Linxuan and Jiang, Chunyan and Hu, Weiguo and Wang, Zhong Lin},
  journal={Acs Nano},
  volume={9},
  number={8},
  pages={8578--8583},
  year={2015},
  publisher={ACS Publications}
}

@article{zhang2000high,
  title={High breakdown {GaN} {HEMT} with overlapping gate structure},
  author={Zhang, N-Q and Keller, S and Parish, Giacinta and Heikman, S and DenBaars, SP and Mishra, UK},
  journal={IEEE Electron Device Letters},
  volume={21},
  number={9},
  pages={421--423},
  year={2000},
  publisher={IEEE}
}

@article{shen2001algan,
  title={{AlGaN/AlN/GaN} high-power microwave {HEMT}},
  author={Shen, L and Heikman, S and Moran, B and Coffie, R and Zhang, N-Q and Buttari, D and Smorchkova, IP and Keller, S and DenBaars, SP and Mishra, UK},
  journal={IEEE Electron Device Letters},
  volume={22},
  number={10},
  pages={457--459},
  year={2001},
  publisher={IEEE}
}

@book{karman2011way,
  title={On the way to the bionic man: A novel approach to {MEMS} based on biological sensory systems},
  author={Karman, Salmah B and MacQueen, Mark O and Matin, Tina R and Diah, S Zaleha M and Mueller, Jeanette and Yunas, Jumril and Makaruk, Teresa and Gebeshuber, Ille C},
  volume={254},
  year={2011},
  publisher={Trans Tech Publ}
}

@article{zhang2020vector,
  title={Vector High-Resolution Marine Turbulence Sensor Based on a {MEMS} Bionic Cilium-Shaped Structure},
  author={Zhang, Wenjun and Hao, Congcong and Zhang, Zengxing and Yang, Shasha and Peng, Jiali and Wu, Bin and Xue, Xiaobin and Zang, Junbin and Chen, Xu and Yang, Hua and others},
  journal={IEEE Sensors Journal},
  volume={21},
  number={7},
  pages={8741--8750},
  year={2020},
  publisher={IEEE}
}

@article{duan2021bionic,
  title={A Bionic {MEMS} Electronic Stethoscope With Double-Sided Diaphragm Packaging},
  author={Duan, Sicun and Wang, Weidong and Zhang, Sai and Yang, Xi and Zhang, Yu and Zhang, Guojun},
  journal={IEEE Access},
  volume={9},
  pages={27122--27129},
  year={2021},
  publisher={IEEE}
}

@article{xue2007design,
  title={Design, fabrication, and preliminary characterization of a novel {MEMS} bionic vector hydrophone},
  author={Xue, Chenyang and Chen, Shang and Zhang, Wendong and Zhang, Binzhen and Zhang, Guojun and Qiao, Hui},
  journal={Microelectronics Journal},
  volume={38},
  number={10-11},
  pages={1021--1026},
  year={2007},
  publisher={Elsevier}
}

@article{lowry1981artificial,
  title={Artificial larynges: A review and development of a prototype self-contained intra-oral artificial larynx},
  author={Lowry, Louis D},
  journal={The Laryngoscope},
  volume={91},
  number={8},
  pages={1332--1355},
  year={1981},
  publisher={Wiley Online Library}
}

@article{light2000development,
  title={Development of a lightweight and adaptable multiple-axis hand prosthesis},
  author={Light, CM and Chappell, PH},
  journal={Medical Engineering \& Physics},
  volume={22},
  number={10},
  pages={679--684},
  year={2000},
  publisher={Elsevier}
}

@article{choi2019aided,
  title={Aided cortical auditory evoked measures with cochlear implantees: the challenge of stimulus artefacts},
  author={Choi, Sandy MS and Wong, Eddie CM and McPherson, Bradley},
  journal={Hearing, Balance and Communication},
  volume={17},
  number={3},
  pages={229--238},
  year={2019},
  publisher={Taylor \& Francis}
}

@article{runge2018improved,
  title={Improved speech perception in cochlear implant users with interleaved high-rate pulse trains},
  author={Runge, Christina L and Du, Fang and Hu, Yi},
  journal={Otology \& Neurotology},
  volume={39},
  number={5},
  pages={e319--e324},
  year={2018},
  publisher={LWW}
}

@article{rock2008electronic,
  title={Electronic nose: current status and future trends},
  author={R{\"o}ck, Frank and Barsan, Nicolae and Weimar, Udo},
  journal={Chemical Reviews},
  volume={108},
  number={2},
  pages={705--725},
  year={2008},
  publisher={ACS Publications}
}

@article{wagner2004electronic,
  title={Electronic skin: architecture and components},
  author={Wagner, Sigurd and Lacour, St{\'e}phanie P and Jones, Joyelle and Pai-hui, I Hsu and Sturm, James C and Li, Teng and Suo, Zhigang},
  journal={Physica E: Low-dimensional Systems and Nanostructures},
  volume={25},
  number={2-3},
  pages={326--334},
  year={2004},
  publisher={Elsevier}
}

@article{chun2015iontronics,
  title={Iontronics},
  author={Chun, Honggu and Chung, Taek Dong},
  journal={Annual Review of Analytical Chemistry},
  volume={8},
  pages={441--462},
  year={2015},
  publisher={Annual Reviews}
}

@article{geiger2011detecting,
  title={Detecting inertial effects with airborne matter-wave interferometry},
  author={Geiger, Remi and M{\'e}noret, Vincent and Stern, Guillaume and Zahzam, Nassim and Cheinet, Patrick and Battelier, Baptiste and Villing, Andr{\'e} and Moron, Fr{\'e}d{\'e}ric and Lours, Michel and Bidel, Yannick and others},
  journal={Nature Communications},
  volume={2},
  number={1},
  pages={1--7},
  year={2011},
  publisher={Nature Publishing Group}
}

@article{zhao2013progressive,
  title={Progressive Macromolecular Self-Assembly: From Biomimetic Chemistry to Bio-Inspired Materials},
  author={Zhao, Yu and Sakai, Fuji and Su, Lu and Liu, Yijiang and Wei, Kongchang and Chen, Guosong and Jiang, Ming},
  journal={Advanced Materials},
  volume={25},
  number={37},
  pages={5215--5256},
  year={2013},
  publisher={Wiley Online Library}
}

@article{wani2017light,
  title={A light-driven artificial flytrap},
  author={Wani, Owies M and Zeng, Hao and Priimagi, Arri},
  journal={Nature Communications},
  volume={8},
  number={1},
  pages={1--7},
  year={2017},
  publisher={Nature Publishing Group}
}

@inproceedings{dikmen2016autonomous,
  title={Autonomous Driving in the Real World: Experiences with Tesla Autopilot and Summon},
  author={Dikmen, Murat and Burns, Catherine M},
  publisher = {Association for Computing Machinery},
  pages={225--228},
  year={2016}
}

@article{dreyer2018earth,
  title={The Earthâ€™s magnetic field and visual landmarks steer migratory flight behavior in the nocturnal Australian Bogong moth},
  author={Dreyer, David and Frost, Barrie and Mouritsen, Henrik and G{\"u}nther, Anja and Green, Ken and Whitehouse, Mary and Johnsen, S{\"o}nke and Heinze, Stanley and Warrant, Eric},
  journal={Current Biology},
  volume={28},
  number={13},
  pages={2160--2166},
  year={2018},
  publisher={Elsevier}
}

@article{wang2020flexoelectronics,
  title={Flexoelectronics of centrosymmetric semiconductors},
  author={Wang, Longfei and Liu, Shuhai and Feng, Xiaolong and Zhang, Chunli and Zhu, Laipan and Zhai, Junyi and Qin, Yong and Wang, Zhong Lin},
  journal={Nature Nanotechnology},
  volume={15},
  number={8},
  pages={661--667},
  year={2020},
  publisher={Nature Publishing Group}
}

@article{zhai1flexoelectronics,
  title={Flexoelectronics of centrosymmetric semiconductors},
  author={Zhai, Junyi and Qin, Yong and Wang, Zhong Lin},
  journal={Strain},
  volume={1},
  pages={2}
}

@article{shu2019flexoelectric,
  title={Flexoelectric materials and their related applications: A focused review},
  author={Shu, Longlong and Liang, Renhong and Rao, Zhenggang and Fei, Linfeng and Ke, Shanming and Wang, Yu},
  journal={Journal of Advanced Ceramics},
  volume={8},
  number={2},
  pages={153--173},
  year={2019},
  publisher={Springer}
}

@article{yan2013flexoelectric,
  title={Flexoelectric effect on the electroelastic responses of bending piezoelectric nanobeams},
  author={Yan, Z and Jiang, LY},
  journal={Journal of Applied Physics},
  volume={113},
  number={19},
  pages={194102},
  year={2013},
  publisher={American Institute of Physics}
}

@article{zubko2013flexoelectric,
  title={Flexoelectric effect in solids},
  author={Zubko, Pavlo and Catalan, Gustau and Tagantsev, Alexander K},
  journal={Annual Review of Materials Research},
  volume={43},
  pages={387--421},
  year={2013},
  publisher={Annual Reviews}
}

@article{yudin2013fundamentals,
  title={Fundamentals of flexoelectricity in solids},
  author={Yudin, PV and Tagantsev, AK},
  journal={Nanotechnology},
  volume={24},
  number={43},
  pages={432001},
  year={2013},
  publisher={IOP Publishing}
}

@article{bhaskar2016flexoelectric,
  title={A flexoelectric microelectromechanical system on silicon},
  author={Bhaskar, Umesh Kumar and Banerjee, Nirupam and Abdollahi, Amir and Wang, Zhe and Schlom, Darrell G and Rijnders, Guus and Catalan, Gustau},
  journal={Nature Nanotechnology},
  volume={11},
  number={3},
  pages={263--266},
  year={2016},
  publisher={Nature Publishing Group}
}

@article{yang2015influence,
  title={Influence of sapphire substrate thickness on the characteristics of {AlGaN/AlN/GaN} heterostructure field-effect transistors},
  author={Yang, Ming and Lin, Zhaojun and Zhao, Jingtao and Wang, Yutang and Li, Zhiyuan and Lv, Yuanjie and Feng, Zhihong},
  journal={Superlattices and Microstructures},
  volume={85},
  pages={43--49},
  year={2015},
  publisher={Elsevier}
}

@article{mead1990neuromorphic,
  title={Neuromorphic electronic systems},
  author={Mead, Carver},
  journal={Proceedings of the IEEE},
  volume={78},
  number={10},
  pages={1629--1636},
  year={1990},
  publisher={IEEE}
}

@article{furber2016large,
  title={Large-scale neuromorphic computing systems},
  author={Furber, Steve},
  journal={Journal of Neural Engineering},
  volume={13},
  number={5},
  pages={051001},
  year={2016},
  publisher={IOP Publishing}
}

@article{fischer2001evidence,
  title={Evidence for the use of magnetic map information by an amphibian},
  author={Fischer, JH and Freake, MJ and Borland, SC and Phillips, JB},
  journal={Animal Behaviour},
  volume={62},
  number={1},
  pages={1--10},
  year={2001},
  publisher={Elsevier}
}

@article{diego2017spontaneous,
  title={Spontaneous magnetic alignment behaviour in free-living lizards},
  author={Diego-Rasilla, Francisco J and P{\'e}rez-Mellado, Valent{\'\i}n and P{\'e}rez-Cembranos, Ana},
  journal={The Science of Nature},
  volume={104},
  number={3},
  pages={1--12},
  year={2017},
  publisher={Springer}
}

@article{naisbett2020magnetoreception,
  title={Magnetoreception in fishes: the effect of magnetic pulses on orientation of juvenile Pacific salmon},
  author={Naisbett-Jones, Lewis C and Putman, Nathan F and Scanlan, Michelle M and Noakes, David LG and Lohmann, Kenneth J},
  journal={Journal of Experimental Biology},
  volume={223},
  number={10},
  pages={jeb222091},
  year={2020},
  publisher={The Company of Biologists Ltd}
}

@article{ossenkopp1978bird,
  title={Bird orientation and the geomagnetic field: A review},
  author={Ossenkopp, Klaus-Peter and Barbeito, Raphael},
  journal={Neuroscience \& Biobehavioral Reviews},
  volume={2},
  number={4},
  pages={255--270},
  year={1978},
  publisher={Elsevier}
}

@article{ritz2000model,
  title={A model for photoreceptor-based magnetoreception in birds},
  author={Ritz, Thorsten and Adem, Salih and Schulten, Klaus},
  journal={Biophysical Journal},
  volume={78},
  number={2},
  pages={707--718},
  year={2000},
  publisher={Elsevier}
}

@article{kishkinev2015eurasian,
  title={Eurasian reed warblers compensate for virtual magnetic displacement},
  author={Kishkinev, Dmitry and Chernetsov, Nikita and Pakhomov, Alexander and Heyers, Dominik and Mouritsen, Henrik},
  journal={Current Biology},
  volume={25},
  number={19},
  pages={R822--R824},
  year={2015},
  publisher={Elsevier}
}

@article{mouritsen2005magnetoreception,
  title={Magnetoreception and its use in bird navigation},
  author={Mouritsen, Henrik and Ritz, Thorsten},
  journal={Current Opinion in Neurobiology},
  volume={15},
  number={4},
  pages={406--414},
  year={2005},
  publisher={Elsevier}
}

@article{ong2012bionic,
  title={The bionic eye: a review},
  author={Ong, Jong Min and da Cruz, Lyndon},
  journal={Clinical \& Experimental Ophthalmology},
  volume={40},
  number={1},
  pages={6--17},
  year={2012},
  publisher={Wiley Online Library}
}

@article{zhu2014artificial,
  title={Artificial synapse network on inorganic proton conductor for neuromorphic systems},
  author={Zhu, Li Qiang and Wan, Chang Jin and Guo, Li Qiang and Shi, Yi and Wan, Qing},
  journal={Nature Communications},
  volume={5},
  number={1},
  pages={1--7},
  year={2014},
  publisher={Nature Publishing Group}
}

@article{liao2020bioinspired,
  title={A bioinspired analogous nerve towards artificial intelligence},
  author={Liao, Xinqin and Song, Weitao and Zhang, Xiangyu and Yan, Chaoqun and Li, Tianliang and Ren, Hongliang and Liu, Cunzhi and Wang, Yongtian and Zheng, Yuanjin},
  journal={Nature Communications},
  volume={11},
  number={1},
  pages={1--9},
  year={2020},
  publisher={Nature Publishing Group}
}

@article{cao2019self,
  title={Self-healing electronic skins for aquatic environments},
  author={Cao, Yue and Tan, Yu Jun and Li, Si and Lee, Wang Wei and Guo, Hongchen and Cai, Yongqing and Wang, Chao and Tee, Benjamin C-K},
  journal={Nature Electronics},
  volume={2},
  number={2},
  pages={75--82},
  year={2019},
  publisher={Nature Publishing Group}
}

@article{canon2018electronic,
  title={Electronic-skin compasses for geomagnetic field-driven artificial magnetoreception and interactive electronics},
  author={Ca{\~n}{\'o}n Berm{\'u}dez, Gilbert Santiago and Fuchs, Hagen and Bischoff, Lothar and Fassbender, J{\"u}rgen and Makarov, Denys},
  journal={Nature Electronics},
  volume={1},
  number={11},
  pages={589--595},
  year={2018},
  publisher={Nature Publishing Group}
}

@article{makushko2021flexible,
  title={Flexible magnetoreceptor with tunable intrinsic logic for on-skin touchless human-machine interfaces},
  author={Makushko, Pavlo and Oliveros Mata, Eduardo Sergio and Ca{\~n}{\'o}n Berm{\'u}dez, Gilbert Santiago and Hassan, Mariam and Laureti, Sara and Rinaldi, Christian and Fagiani, Federico and Barucca, Gianni and Schmidt, Nataliia and Zabila, Yevhen and others},
  journal={Advanced Functional Materials},
  volume={31},
  number={25},
  pages={2101089},
  year={2021},
  publisher={Wiley Online Library}
}

@article{canon2018magnetosensitive,
  title={Magnetosensitive e-skins with directional perception for augmented reality},
  author={Ca{\~n}{\'o}n Berm{\'u}dez, Gilbert Santiago and Karnaushenko, Dmitriy D and Karnaushenko, Daniil and Lebanov, Ana and Bischoff, Lothar and Kaltenbrunner, Martin and Fassbender, J{\"u}rgen and Schmidt, Oliver G and Makarov, Denys},
  journal={Science Advances},
  volume={4},
  number={1},
  pages={eaao2623},
  year={2018},
  publisher={American Association for the Advancement of Science}
}

@article{melzer2015wearable,
  title={Wearable magnetic field sensors for flexible electronics},
  author={Melzer, Michael and M{\"o}nch, Jens Ingolf and Makarov, Denys and Zabila, Yevhen and Ca{\~n}{\'o}n Berm{\'u}dez, Gilbert Santiago and Karnaushenko, Daniil and Baunack, Stefan and Bahr, Falk and Yan, Chenglin and Kaltenbrunner, Martin and others},
  journal={Advanced Materials},
  volume={27},
  number={7},
  pages={1274--1280},
  year={2015},
  publisher={Wiley Online Library}
}

@article{ueda2019gan,
  title={GaN power devices: Current status and future challenges},
  author={Ueda, Tetsuzo},
  journal={Japanese Journal of Applied Physics},
  volume={58},
  number={SC},
  pages={SC0804},
  year={2019},
  publisher={IOP Publishing}
}

@article{yu1999spontaneous,
  title={Spontaneous and piezoelectric polarization effects in {III}--{V} nitride heterostructures},
  author={Yu, ET and Dang, XZ and Asbeck, PM and Lau, SS and Sullivan, GJ},
  journal={Journal of Vacuum Science \& Technology B: Microelectronics and Nanometer Structures Processing, Measurement, and Phenomena},
  volume={17},
  number={4},
  pages={1742--1749},
  year={1999},
  publisher={American Vacuum Society}
}

@article{pan2019piezotronics,
  title={Piezotronics and piezo-phototronics of third generation semiconductor nanowires},
  author={Pan, Caofeng and Zhai, Junyi and Wang, Zhong Lin},
  journal={Chemical Reviews},
  volume={119},
  number={15},
  pages={9303--9359},
  year={2019},
  publisher={ACS Publications}
}

@article{hua2021piezotronics,
  title={Piezotronics enabled artificial intelligence systems},
  author={Hua, Qilin and Cui, Xiao and Ji, Keyu and Wang, Bingjun and Hu, Weiguo},
  journal={Journal of Physics: Materials},
  volume={4},
  number={2},
  pages={022003},
  year={2021},
  publisher={IOP Publishing}
}

@article{zhang2020strain,
  title={Strain-controlled power devices as inspired by human reflex},
  author={Zhang, Shuo and Ma, Bei and Zhou, Xingyu and Hua, Qilin and Gong, Jian and Liu, Ting and Cui, Xiao and Zhu, Jiyuan and Guo, Wenbin and Jing, Liang and others},
  journal={Nature Communications},
  volume={11},
  number={1},
  pages={1--9},
  year={2020},
  publisher={Nature Publishing Group}
}

@article{johnsen2005physics,
  title={The physics and neurobiology of magnetoreception},
  author={Johnsen, S{\"o}nke and Lohmann, Kenneth J},
  journal={Nature Reviews Neuroscience},
  volume={6},
  number={9},
  pages={703--712},
  year={2005},
  publisher={Nature Publishing Group}
}

@article{yang2015influence,
  title={Influence of sapphire substrate thickness on the characteristics of {AlGaN/AlN/GaN} heterostructure field-effect transistors},
  author={Yang, Ming and Lin, Zhaojun and Zhao, Jingtao and Wang, Yutang and Li, Zhiyuan and Lv, Yuanjie and Feng, Zhihong},
  journal={Superlattices and Microstructures},
  volume={85},
  pages={43--49},
  year={2015},
  publisher={Elsevier}
}

@article{choi2013analysis,
  title={Analysis of the residual stress distribution in {AlGaN/GaN} high electron mobility transistors},
  author={Choi, Sukwon and Heller, Eric and Dorsey, Donald and Vetury, Ramakrishna and Graham, Samuel},
  journal={Journal of Applied Physics},
  volume={113},
  number={9},
  pages={093510},
  year={2013},
  publisher={American Institute of Physics}
}

@article{ladroue2010deep,
  title={Deep {GaN} etching by inductively coupled plasma and induced surface defects},
  author={Ladroue, Julien and Meritan, Aline and Boufnichel, Mohamed and Lefaucheux, Philippe and Ranson, Pierre and Dussart, Remi},
  journal={Journal of Vacuum Science \& Technology A: Vacuum, Surfaces, and Films},
  volume={28},
  number={5},
  pages={1226--1233},
  year={2010},
  publisher={American Vacuum Society}
}

@article{fang2003etching,
  title={Etching damages on {AlGaN}, {GaN} and {InGaN} caused by hybrid inductively coupled plasma etch and photoenhanced chemical wet etch by Schottky contact characterizations},
  author={Fang, Chao-Yi and Huang, Weng-Jung and Chang, Edward Yi and Lin, Chia-Feng and Feng, Ming-Shiann},
  journal={Japanese Journal of Applied Physics},
  volume={42},
  number={7R},
  pages={4207},
  year={2003},
  publisher={IOP Publishing}
}

@article{lan2006icp,
  title={{ICP}-induced defects in {GaN} characterized by capacitance analysis},
  author={Lan, Wen-How and Huang, Kuo-Chin and Huang, Kai Feng},
  journal={Solid-State Electronics},
  volume={50},
  number={11-12},
  pages={1677--1681},
  year={2006},
  publisher={Elsevier}
}

@article{pearton2000review,
  title={A review of dry etching of {GaN} and related materials},
  author={Pearton, SJ and Shul, RJ and Ren, Fan},
  journal={Materials Research Society Internet Journal of Nitride Semiconductor Research},
  volume={5},
  number={1},
  year={2000},
  publisher={Cambridge University Press}
}

@article{huang2004inductively,
  title={Inductively coupled plasma reactive ion etching-induced {GaN} defect studied by {Schottky} current transport analysis},
  author={Huang, Kuo-Chin and Lan, Wen-How and Huang, Kai Feng},
  journal={Japanese Journal of Applied Physics},
  volume={43},
  number={1R},
  pages={82},
  year={2004},
  publisher={IOP Publishing}
}

@article{romanov2006strain,
  title={Strain-induced polarization in wurtzite {III}-nitride semipolar layers},
  author={Romanov, AE and Baker, TJ and Nakamura, S and Speck, JS and ERATO/JST UCSB Group},
  journal={Journal of Applied Physics},
  volume={100},
  number={2},
  pages={023522},
  year={2006},
  publisher={American Institute of Physics}
}

@article{jogai2002free,
  title={Free electron distribution in {AlGaN/GaN} heterojunction field-effect transistors},
  author={Jogai, B},
  journal={Journal of Applied Physics},
  volume={91},
  number={6},
  pages={3721--3729},
  year={2002},
  publisher={American Institute of Physics}
}

@article{tan1990self,
  title={A self-consistent solution of Schr{\"o}dinger--Poisson equations using a nonuniform mesh},
  author={Tan, I-H and Snider, GL and Chang, LD and Hu, EL},
  journal={Journal of Applied Physics},
  volume={68},
  number={8},
  pages={4071--4076},
  year={1990},
  publisher={American Institute of Physics}
}

@article{greco2017temperature,
  title={Temperature dependence of the {I}--{V} characteristics of {Ni/Au} {Schottky} contacts to {AlGaN/GaN} heterostructures grown on {Si} substrates},
  author={Greco, G and Di Franco, S and Iucolano, F and Giannazzo, F and Roccaforte, F},
  journal={Physica Status Solidi (a)},
  volume={214},
  number={9},
  pages={1600764},
  year={2017},
  publisher={Wiley Online Library}
}

@article{hajjiah2020effect,
  title={The effect of temperature on the forward bias electrical characteristics of both pure Ni and oxidized {Ni/Au} {Schottky} contacts on n-type {GaN}: A case study},
  author={Hajjiah, Ali and Alkhabbaz, Asmaa and Badran, Hussein and Gordon, Ivan},
  journal={Results in Physics},
  volume={19},
  pages={103656},
  year={2020},
  publisher={Elsevier}
}

@article{yang2011high,
  title={High temperature characteristics of {AlGaN/GaN} high electron mobility transistors},
  author={Yang, Li-Yuan and Hao, Yue and Ma, Xiao-Hua and Zhang, Jin-Cheng and Pan, Cai-Yuan and Ma, Ji-Gang and Zhang, Kai and Ma, Ping},
  journal={Chinese Physics B},
  volume={20},
  number={11},
  pages={117302},
  year={2011},
  publisher={IOP Publishing}
}

@article{cao2000schottky,
  title={Schottky diode measurements of dry etch damage in n- and p-type {GaN}},
  author={Cao, XA and Zhang, AP and Dang, GT and Ren, F and Pearton, SJ and Shul, RJ and Zhang, L},
  journal={Journal of Vacuum Science \& Technology A: Vacuum, Surfaces, and Films},
  volume={18},
  number={4},
  pages={1144--1148},
  year={2000},
  publisher={American Vacuum Society}
}

@article{choi2003observation,
  title={Observation of inductively coupled-plasma-induced damage on n-type {GaN} using deep-level transient spectroscopy},
  author={Choi, Kyoung Jin and Jang, Ho Wan and Lee, Jong-Lam},
  journal={Applied Physics Letters},
  volume={82},
  number={8},
  pages={1233--1235},
  year={2003},
  publisher={American Institute of Physics}
}


@book{skoog2017principles,
  title={Principles of Instrumental Analysis},
  author={Skoog, Douglas A and Holler, F James and Crouch, Stanley R},
  year={2017},
  publisher={Cengage Learning}
}

@article{jacques1880development,
  title={Development, via compression, of electric polarization in hemihedral crystals with inclined faces},
  author={Jacques, Curie and Pierre, Curie},
  journal={Bull. Soc. Min{\'e}rologique Fr},
  volume={3},
  pages={90--3},
  year={1880}
}

@book{voigt1910lehrbuch,
  title={Lehrbuch der Kristallphysik:(mit Ausschluss der Kristalloptik)},
  author={Voigt, Woldemar},
  volume={34},
  year={1910},
  publisher={BG Teubner}
}

@book{downie2006exploding,
  title={Exploding Disk Cannons, Slimemobiles, and 32 Other Projects for {Saturday} Science},
  author={Downie, Neil A},
  year={2006},
  publisher={JHU Press}
}

@article{wang2007nanopiezotronics,
  title={Nanopiezotronics},
  author={Wang, Zhong Lin},
  journal={Advanced Materials},
  volume={19},
  number={6},
  pages={889--892},
  year={2007},
  publisher={Wiley Online Library}
}

@article{wu2016piezotronics,
  title={Piezotronics and piezo-phototronics for adaptive electronics and optoelectronics},
  author={Wu, Wenzhuo and Wang, Zhong Lin},
  journal={Nature Reviews Materials},
  volume={1},
  number={7},
  pages={1--17},
  year={2016},
  publisher={Nature Publishing Group}
}

@article{wang2018piezotronics,
  title={Piezotronics and piezo-phototronics with third-generation semiconductors},
  author={Wang, Zhong Lin and Wu, Wenzhuo and Falconi, Christian},
  journal={MRS Bulletin},
  volume={43},
  number={12},
  pages={922--927},
  year={2018},
  publisher={Cambridge University Press}
}

@article{hinchet2018piezoelectric,
  title={Piezoelectric properties in two-dimensional materials: Simulations and experiments},
  author={Hinchet, Ronan and Khan, Usman and Falconi, Christian and Kim, Sang-Woo},
  journal={Materials Today},
  volume={21},
  number={6},
  pages={611--630},
  year={2018},
  publisher={Elsevier}
}

@article{hu2018piezotronic,
  title={Piezotronic materials and large-scale piezotronics array devices},
  author={Hu, Weiguo and Kalantar-Zadeh, Kourosh and Gupta, Kapil and Liu, Chuan-Pu},
  journal={MRS Bulletin},
  volume={43},
  number={12},
  pages={936--940},
  year={2018},
  publisher={Cambridge University Press}
}

@article{guo2017dynamic,
  title={Dynamic carrier transport modulation for constructing advanced devices with improved performance by piezotronic and piezo-phototronic effects: a brief review},
  author={Guo, Zhen and Pan, Haixi and Li, Chuanyu and Zhang, Lili and Yan, Shuai and Zhang, Wei and Yao, Jia and Tang, Yuguo and Yang, Hongbo and Wu, Yihui and others},
  journal={Semiconductor Science and Technology},
  volume={32},
  number={8},
  pages={083001},
  year={2017},
  publisher={IOP Publishing}
}

@article{xin2007piezoelectricity,
  title={Piezoelectricity of zinc-blende and wurtzite structure binary compounds},
  author={Xin, Jun and Zheng, Yanqing and Shi, Erwei},
  journal={Applied Physics Letters},
  volume={91},
  number={11},
  pages={112902},
  year={2007},
  publisher={American Institute of Physics}
}

@article{wang2006piezoelectric,
  title={Piezoelectric nanogenerators based on zinc oxide nanowire arrays},
  author={Wang, Zhong Lin and Song, Jinhui},
  journal={Science},
  volume={312},
  number={5771},
  pages={242--246},
  year={2006},
  publisher={American Association for the Advancement of Science}
}

@book{wang2012piezotronics,
  title={Piezotronics and Piezo-phototronics},
  author={Wang, Zhong Lin},
  volume={24},
  year={2012},
  publisher={Springer}
}

@article{wang2006piezoelectric-nl,
  title={Piezoelectric field effect transistor and nanoforce sensor based on a single {ZnO} nanowire},
  author={Wang, Xudong and Zhou, Jun and Song, Jinhui and Liu, Jin and Xu, Ningsheng and Wang, Zhong L},
  journal={Nano Letters},
  volume={6},
  number={12},
  pages={2768--2772},
  year={2006},
  publisher={ACS Publications}
}

@article{he2007piezoelectric,
  title={Piezoelectric gated diode of a single {ZnO} nanowire},
  author={He, J Hsin and Hsin, Cheng L and Liu, Jin and Chen, Lih J and Wang, Zhong L},
  journal={Advanced Materials},
  volume={19},
  number={6},
  pages={781--784},
  year={2007},
  publisher={Wiley Online Library}
}

@article{zhou2008flexible,
  title={Flexible piezotronic strain sensor},
  author={Zhou, Jun and Gu, Yudong and Fei, Peng and Mai, Wenjie and Gao, Yifan and Yang, Rusen and Bao, Gang and Wang, Zhong Lin},
  journal={Nano letters},
  volume={8},
  number={9},
  pages={3035--3040},
  year={2008},
  publisher={ACS Publications}
}

@article{fei2009piezoelectric,
  title={Piezoelectric potential gated field-effect transistor based on a free-standing {ZnO} wire},
  author={Fei, Peng and Yeh, Ping-Hung and Zhou, Jun and Xu, Sheng and Gao, Yifan and Song, Jinhui and Gu, Yudong and Huang, Yanyi and Wang, Zhong Lin},
  journal={Nano Letters},
  volume={9},
  number={10},
  pages={3435--3439},
  year={2009},
  publisher={ACS Publications}
}

@article{liu2010piezopotential,
  title={Piezopotential gated nanowire- nanotube hybrid field-effect transistor},
  author={Liu, Weihua and Lee, Minbaek and Ding, Lei and Liu, Jie and Wang, Zhong Lin},
  journal={Nano Letters},
  volume={10},
  number={8},
  pages={3084--3089},
  year={2010},
  publisher={ACS Publications}
}

@article{wu2010strain,
  title={Strain-gated piezotronic logic nanodevices},
  author={Wu, Wenzhuo and Wei, Yaguang and Wang, Zhong Lin},
  journal={Advanced Materials},
  volume={22},
  number={42},
  pages={4711--4715},
  year={2010},
  publisher={Wiley Online Library}
}

@article{wu2011piezotronic,
  title={Piezotronic nanowire-based resistive switches as programmable electromechanical memories},
  author={Wu, Wenzhuo and Wang, Zhong Lin},
  journal={Nano Letters},
  volume={11},
  number={7},
  pages={2779--2785},
  year={2011},
  publisher={ACS Publications}
}

@article{hellman1998polarity,
  title={The polarity of {GaN}: a critical review},
  author={Hellman, ES},
  journal={Materials Research Society Internet Journal of Nitride Semiconductor Research},
  volume={3},
  year={1998},
  publisher={Cambridge University Press}
}

@article{sacconi2001spontaneous,
  title={Spontaneous and piezoelectric polarization effects on the output characteristics of {AlGaN/GaN} heterojunction modulation doped {FETs}},
  author={Sacconi, Fabio and Di Carlo, A and Lugli, P and Morkoc, H},
  journal={IEEE Transactions on Electron Devices},
  volume={48},
  number={3},
  pages={450--457},
  year={2001},
  publisher={IEEE}
}

@article{yu1999spontaneous,
  title={Spontaneous and piezoelectric polarization effects in {III}--{V} nitride heterostructures},
  author={Yu, ET and Dang, XZ and Asbeck, PM and Lau, SS and Sullivan, GJ},
  journal={Journal of Vacuum Science \& Technology B: Microelectronics and Nanometer Structures Processing, Measurement, and Phenomena},
  volume={17},
  number={4},
  pages={1742--1749},
  year={1999},
  publisher={American Vacuum Society}
}

@book{hao2016nitride,
  title={Nitride Wide Bandgap Semiconductor Material and Electronic Devices},
  author={Hao, Yue and Zhang, Jin Feng and Zhang, Jin Cheng},
  year={2016},
  publisher={CRC Press}
}


@article{jena2010polarization,
  title={Polarization-engineering in group {III}-nitride heterostructures: New opportunities for device design},
  author={Jena, Debdeep and Simon, John and Wang, Albert and Cao, Yu and Goodman, Kevin and Verma, Jai and Ganguly, Satyaki and Li, Guowang and Karda, Kamal and Protasenko, Vladimir and others},
  journal={Physica Status Solidi (a)},
  volume={208},
  number={7},
  pages={1511--1516},
  year={2011},
  publisher={Wiley Online Library}
}

@article{ambacher1999two,
  title={Two-dimensional electron gases induced by spontaneous and piezoelectric polarization charges in {N}-and {Ga}-face {AlGaN/GaN} heterostructures},
  author={Ambacher, O and Smart, J and Shealy, JR and Weimann, NG and Chu, K and Murphy, M and Schaff, WJ and Eastman, LF and Dimitrov, R and Wittmer, L and others},
  journal={Journal of Applied Physics},
  volume={85},
  number={6},
  pages={3222--3233},
  year={1999},
  publisher={American Institute of Physics}
}

@article{pan2019piezotronics,
  title={Piezotronics and piezo-phototronics of third generation semiconductor nanowires},
  author={Pan, Caofeng and Zhai, Junyi and Wang, Zhong Lin},
  journal={Chemical Reviews},
  volume={119},
  number={15},
  pages={9303--9359},
  year={2019},
  publisher={ACS Publications}
}

@article{sha2019iii,
  title={{III}-nitride piezotronic/piezo-phototronic materials and devices},
  author={Sha, Wei and Zhang, Jicai and Tan, Shuxin and Luo, Xiangdong and Hu, Weiguo},
  journal={Journal of Physics D: Applied Physics},
  volume={52},
  number={21},
  pages={213003},
  year={2019},
  publisher={IOP Publishing}
}

@article{lev2018k,
  title={k-space imaging of anisotropic {2D} electron gas in {GaN/GaAlN} high-electron-mobility transistor heterostructures},
  author={Lev, LL and Maiboroda, IO and Husanu, M-A and Grichuk, ES and Chumakov, NK and Ezubchenko, IS and Chernykh, IA and Wang, X and Tobler, B and Schmitt, T and others},
  journal={Nature Communications},
  volume={9},
  number={1},
  pages={1--9},
  year={2018},
  publisher={Nature Publishing Group}
}

@article{wang2016piezotronic,
  title={Piezotronic effect modulated heterojunction electron gas in {AlGaN/AlN/GaN} heterostructure microwire},
  author={Wang, Xingfu and Yu, Ruomeng and Jiang, Chunyan and Hu, Weiguo and Wu, Wenzhuo and Ding, Yong and Peng, Wenbo and Li, Shuti and Wang, Zhong Lin},
  journal={Advanced Materials},
  volume={28},
  number={33},
  pages={7234--7242},
  year={2016},
  publisher={Wiley Online Library}
}

@article{huang2016piezo,
  title={Piezo-phototronic effect in a quantum well structure},
  author={Huang, Xin and Du, Chunhua and Zhou, Yongli and Jiang, Chunyan and Pu, Xiong and Liu, Wei and Hu, Weiguo and Chen, Hong and Wang, Zhong Lin},
  journal={Acs Nano},
  volume={10},
  number={5},
  pages={5145--5152},
  year={2016},
  publisher={ACS Publications}
}

@article{liu2020piezo,
  title={Piezo-phototronic effect in {InGaN/GaN} semi-floating micro-disk {LED} arrays},
  author={Liu, Ting and Li, Ding and Hu, Hai and Huang, Xin and Zhao, Zhenfu and Sha, Wei and Jiang, Chunyan and Du, Chunhua and Liu, Mengmeng and Pu, Xiong and others},
  journal={Nano Energy},
  volume={67},
  pages={104218},
  year={2020},
  publisher={Elsevier}
}

@article{guo2021enhanced,
  title={Enhanced Heat Dissipation in Gallium Nitride-Based Light-Emitting Diodes by Piezo-phototronic Effect},
  author={Guo, Qi and Li, Ding and Hua, Qilin and Ji, Keyu and Sun, Wenhong and Hu, Weiguo and Wang, Zhong Lin},
  journal={Nano Letters},
  volume={21},
  number={9},
  pages={4062--4070},
  year={2021},
  publisher={ACS Publications}
}

@article{liu2017electrical,
  title={Electrical transportation and piezotronic-effect modulation in {AlGaN/GaN} {MOS} {HEMTs} and unpassivated {HEMTs}},
  author={Liu, Ting and Jiang, Chunyan and Huang, Xin and Du, Chunhua and Zhao, Zhenfu and Jing, Liang and Li, Xiaolong and Han, Shichao and Sun, Jiangman and Pu, Xiong and others},
  journal={Nano Energy},
  volume={39},
  pages={53--59},
  year={2017},
  publisher={Elsevier}
}

@article{jiang2017piezotronic,
  title={Piezotronic effect tuned {AlGaN/GaN} high electron mobility transistor},
  author={Jiang, Chunyan and Liu, Ting and Du, Chunhua and Huang, Xin and Liu, Mengmeng and Zhao, Zhenfu and Li, Linxuan and Pu, Xiong and Zhai, Junyi and Hu, Weiguo and others},
  journal={Nanotechnology},
  volume={28},
  number={45},
  pages={455203},
  year={2017},
  publisher={IOP Publishing}
}

@article{zhu2019piezotronic,
  title={Piezotronic effect modulated flexible {AlGaN/GaN} high-electron-mobility transistors},
  author={Zhu, Jiyuan and Zhou, Xingyu and Jing, Liang and Hua, Qilin and Hu, Weiguo and Wang, Zhong Lin},
  journal={ACS Nano},
  volume={13},
  number={11},
  pages={13161--13168},
  year={2019},
  publisher={ACS Publications}
}

@phdthesis{Liu2018flexible,  
author={Ting Liu}, 
title={Flexible (Photoelectric) Electronic Devices}, 
school={University of Chinese Academy of Sciences}, 
year={2018},   
}

@mastersthesis{zhu2020thesis,  
author={Jiyuan Zhu}, 
title={Research on {GaN}-Based Flexible Electronic Devices}, 
school={University of Chinese Academy of Sciences}, 
year={2020},   
}

@book{lyshevski2018nano,
  title={Nano-and Micro-Electromechanical Systems: Fundamentals of Nano-and Microengineering},
  author={Lyshevski, Sergey Edward},
  year={2018},
  publisher={CRC Press}
}

@book{hsumems,
  title={{MEMS} and Microsystems: Design and Manufacture},
  author={Hsu, Tai-Ran},
  year={2002},
  publisher={McGrae Hill}
}

@book{gardner2003microsensors,
  title={Microsensors, {MEMS}, and Smart Devices},
  author={Gardner, Julian W and Varadan, Vijay K and Awadelkarim, Osama O},
  year={2003},
  publisher={John Wiley \& Sons, Inc.}
}

@inproceedings{cimalla2010algan,
  title={{AlGaN/GaN} based heterostructures for {MEMS} and {NEMS} applications},
  author={Cimalla, Volker and R{\"o}hlig, CC and Lebedev, V and Ambacher, Oliver and Tonisch, Katja and Niebelsch{\"u}tz, Florentina and Brueckner, Klemens and Hein, Matthias A},
  booktitle={Solid State Phenomena},
  volume={159},
  pages={27--38},
  year={2010},
  organization={Trans Tech Publ}
}


@article{ciuti2015mems,
  title={{MEMS} sensor technologies for human centred applications in healthcare, physical activities, safety and environmental sensing: A review on research activities in {Italy}},
  author={Ciuti, Gastone and Ricotti, Leonardo and Menciassi, Arianna and Dario, Paolo},
  journal={Sensors},
  volume={15},
  number={3},
  pages={6441--6468},
  year={2015},
  publisher={Multidisciplinary Digital Publishing Institute}
}

@article{yabuki2014heat,
  title={Heat transfer mechanisms in isolated bubble boiling of water observed with {MEMS} sensor},
  author={Yabuki, Tomohide and Nakabeppu, Osamu},
  journal={International Journal of Heat and Mass Transfer},
  volume={76},
  pages={286--297},
  year={2014},
  publisher={Elsevier}
}

@article{wang2004ultra,
  title={An ultra-sensitive optical {MEMS} sensor for partial discharge detection},
  author={Wang, Xiaodong and Li, Baoqing and Xiao, Zhixiong and Lee, Sang Hwui and Roman, Harry and Russo, Onofrio L and Chin, Ken K and Farmer, Kenneth R},
  journal={Journal of Micromechanics and Microengineering},
  volume={15},
  number={3},
  pages={521},
  year={2004},
  publisher={IOP Publishing}
}

@article{khoshnoud2012recent-a,
  title={Recent advances in {MEMS} sensor technology--biomedical applications},
  author={Khoshnoud, Farbod and de Silva, Clarence W},
  journal={IEEE Instrumentation \& Measurement Magazine},
  volume={15},
  number={1},
  pages={8--14},
  year={2012},
  publisher={IEEE}
}

@article{khoshnoud2012recent-b,
  title={Recent advances in {MEMS} sensor technology-mechanical applications},
  author={Khoshnoud, Farbod and de Silva, Clarence W},
  journal={IEEE Instrumentation \& Measurement Magazine},
  volume={15},
  number={2},
  pages={14--24},
  year={2012},
  publisher={IEEE}
}

@article{kottapalli2011liquid,
  title={A liquid crystal polymer membrane {MEMS} sensor for flow rate and flow direction sensing applications},
  author={Kottapalli, AGP and Tan, CW and Olfatnia, M and Miao, JM and Barbastathis, G and Triantafyllou, M},
  journal={Journal of Micromechanics and Microengineering},
  volume={21},
  number={8},
  pages={085006},
  year={2011},
  publisher={IOP Publishing}
}

@article{fernandez2006capacitive,
  title={A capacitive {RF} power sensor based on {MEMS} technology},
  author={Fernandez, Luis J and Wiegerink, Remco J and Flokstra, Jakob and Sese, J and Jansen, HV and Elwenspoek, M},
  journal={Journal of Micromechanics and Microengineering},
  volume={16},
  number={7},
  pages={1099},
  year={2006},
  publisher={IOP Publishing}
}

@article{donelli2018exploitation,
  title={Exploitation of {RF}-{MEMS} switches for the design of broadband modulated scattering technique wireless sensors},
  author={Donelli, Massimo and Iannacci, Jacopo},
  journal={IEEE Antennas and Wireless Propagation Letters},
  volume={18},
  number={1},
  pages={44--48},
  year={2018},
  publisher={IEEE}
}

@article{lee2008development,
  title={Development and evolution of {MOEMS} technology in variable optical attenuators},
  author={Lee, Chengkuo and Yeh, Jer-Liang Andrew},
  journal={Journal of Micro/Nanolithography, MEMS, and MOEMS},
  volume={7},
  number={2},
  pages={021003},
  year={2008},
  publisher={SPIE}
}

@article{iannacci2018internet,
  title={Internet of things ({IoT}); internet of everything ({IoE}); tactile internet; {5G}--{A} (not so evanescent) unifying vision empowered by {EH}-{MEMS} (energy harvesting {MEMS}) and {RF}-{MEMS} (radio frequency {MEMS})},
  author={Iannacci, Jacopo},
  journal={Sensors and Actuators A: Physical},
  volume={272},
  pages={187--198},
  year={2018},
  publisher={Elsevier}
}

@inproceedings{davidson2008using,
  title={Using low-cost {MEMS} 3D accelerometer and one gyro to assist {GPS} based car navigation system},
  author={Davidson, Pavel and Hautam{\"a}ki, Jani and Collin, Jussi},
  booktitle={Proceedings of 15th Saint Petersburg International Conference on Integrated Navigation Systems (May 2008)},
  year={2008}
}

@inproceedings{marek2011automotive,
  title={Automotive {MEMS} sensorsâ€”Trends and applications},
  author={Marek, Jiri},
  booktitle={Proceedings of 2011 International Symposium on VLSI Technology, Systems and Applications},
  pages={1--2},
  year={2011},
  organization={IEEE}
}

@article{berndt2020mems,
  title={{MEMS}-based thermal conductivity sensor for hydrogen gas detection in automotive applications},
  author={Berndt, Dominik and Muggli, Josef and Wittwer, Franz and Langer, Christoph and Heinrich, Stephan and Knittel, Thorsten and Schreiner, Rupert},
  journal={Sensors and Actuators A: Physical},
  volume={305},
  pages={111670},
  year={2020},
  publisher={Elsevier}
}

@article{french2016precision,
  title={Precision in harsh environments},
  author={French, Paddy and Krijnen, Gijs and Roozeboom, Fred},
  journal={Microsystems \& Nanoengineering},
  volume={2},
  number={1},
  pages={1--12},
  year={2016},
  publisher={Nature Publishing Group}
}

@article{rais2014gallium,
  title={Gallium nitride as an electromechanical material},
  author={Rais-Zadeh, Mina and Gokhale, Vikrant Jayant and Ansari, Azadeh and Faucher, Marc and Th{\'e}ron, Didier and Cordier, Yvon and Buchaillot, Lionel},
  journal={Journal of Microelectromechanical Systems},
  volume={23},
  number={6},
  pages={1252--1271},
  year={2014},
  publisher={IEEE}
}

@inproceedings{tabrizian2009effect,
  title={Effect of phonon interactions on limiting the {fQ} product of micromechanical resonators},
  author={Tabrizian, R and Rais-Zadeh, M and Ayazi, F},
  booktitle={TRANSDUCERS 2009-2009 International Solid-State Sensors, Actuators and Microsystems Conference},
  pages={2131--2134},
  year={2009},
  organization={IEEE}
}

@article{karmann1989piezoelectric,
  title={Piezoelectric properties and elastic constants of {4H} and {6H} {SiC} at temperatures 4--320 {K}},
  author={Karmann, So and Helbig, R and Stein, RA},
  journal={Journal of Applied Physics},
  volume={66},
  number={8},
  pages={3922--3924},
  year={1989},
  publisher={American Institute of Physics}
}

@book{shur1996handbook,
  title={Handbook Series on Semiconductor Parameters},
  author={Shur, Michael S},
  volume={1},
  year={1996},
  publisher={World Scientific}
}

@book{shur2006sic,
  title={{SiC} Materials and Devices},
  author={Shur, Michael and Rumyantsev, Sergey L and others},
  volume={1},
  year={2006},
  publisher={World Scientific}
}

@book{adachi1992physical,
  title={Physical Properties of {III}-{V} Semiconductor Compounds},
  author={Adachi, Sadao},
  year={1992},
  publisher={John Wiley \& Sons}
}

@book{adachi1994gaas,
  title={{GaAs} and Related Materials: Bulk Semiconducting and Superlattice Properties},
  author={Adachi, Sadao},
  year={1994},
  publisher={World Scientific}
}

@inproceedings{zou2010high,
  title={High coupling coefficient temperature compensated {FBAR} resonator for oscillator application with wide pulling range},
  author={Zou, Qiang and Lee, Donald and Bi, Frank and Ruby, Richard and Small, Martha and Ortiz, Steve and Oshmyansky, Yury and Kaitila, Jyrki},
  booktitle={2010 IEEE International Frequency Control Symposium},
  pages={646--651},
  year={2010},
  organization={IEEE}
}

@article{gokhale2014phonon,
  title={Phonon-electron interactions in piezoelectric semiconductor bulk acoustic wave resonators},
  author={Gokhale, Vikrant J and Rais-Zadeh, Mina},
  journal={Scientific Reports},
  volume={4},
  number={1},
  pages={1--10},
  year={2014},
  publisher={Nature Publishing Group}
}

@inproceedings{gokhale2010observation,
  title={Observation of the acoustoelectric effect in gallium nitride micromechanical bulk acoustic filters},
  author={Gokhale, Vikrant J and Shim, Yonghyun and Rais-Zadeh, Mina},
  booktitle={2010 IEEE International Frequency Control Symposium},
  pages={524--529},
  year={2010},
  organization={IEEE}
}

@inproceedings{gokhale2011high,
  title={High performance bulk mode gallium nitride resonators and filters},
  author={Gokhale, VJ and Roberts, J and Rais-Zadeh, M},
  booktitle={2011 16th International Solid-State Sensors, Actuators and Microsystems Conference},
  pages={926--929},
  year={2011},
  organization={IEEE}
}

@inproceedings{popa2014band,
  title={L-band Lamb mode resonators in gallium nitride {MMIC} technology},
  author={Popa, Laura C and Weinstein, Dana},
  booktitle={2014 IEEE international frequency control symposium (FCS)},
  pages={1--4},
  year={2014},
  organization={IEEE}
}

@book{strittmatter2004development,
  title={Development of Micro-electromechanical Systems in Gallium Nitride},
  author={Strittmatter, Robert P},
  year={2004},
  publisher={California Institute of Technology}
}

@article{cimalla2007group,
  title={Group {III} nitride and {SiC} based {MEMS} and {NEMS}: materials properties, technology and applications},
  author={Cimalla, V and Pezoldt, Joerg and Ambacher, Oliver},
  journal={Journal of Physics D: Applied Physics},
  volume={40},
  number={20},
  pages={6386},
  year={2007},
  publisher={IOP Publishing}
}

@article{ekinci2005nanoelectromechanical,
  title={Nanoelectromechanical systems},
  author={Ekinci, KL and Roukes, ML},
  journal={Review of Scientific Instruments},
  volume={76},
  number={6},
  pages={061101},
  year={2005},
  publisher={American Institute of Physics}
}

@article{kuball1998thermal,
  title={Thermal stability of {GaN} investigated by Raman scattering},
  author={Kuball, M and Demangeot, Fran{\c{c}}ois and Frandon, J and Renucci, MA and Grandjean, N and Briot, O},
  journal={MRS Online Proceedings Library},
  volume={537},
  year={1998},
  publisher={Cambridge University Press}
}

@article{cimalla2007algan,
  title={{AlGaN/GaN} biosensorâ€”effect of device processing steps on the surface properties and biocompatibility},
  author={Cimalla, I and Will, F and Tonisch, K and Niebelsch{\"u}tz, M and Cimalla, V and Lebedev, V and Kittler, G and Himmerlich, M and Krischok, S and Schaefer, JA and others},
  journal={Sensors and Actuators B: Chemical},
  volume={123},
  number={2},
  pages={740--748},
  year={2007},
  publisher={Elsevier}
}

@article{tadigadapa2009piezoelectric,
  title={Piezoelectric {MEMS} sensors: state-of-the-art and perspectives},
  author={Tadigadapa, S and Mateti, K},
  journal={Measurement Science and technology},
  volume={20},
  number={9},
  pages={092001},
  year={2009},
  publisher={IOP Publishing}
}

@article{ambacher2000two,
  title={Two dimensional electron gases induced by spontaneous and piezoelectric polarization in undoped and doped {AlGaN/GaN} heterostructures},
  author={Ambacher, Oliver and Foutz, B and Smart, Joseph and Shealy, JR and Weimann, NG and Chu, K and Murphy, M and Sierakowski, AJ and Schaff, WJ and Eastman, LF and others},
  journal={Journal of Applied Physics},
  volume={87},
  number={1},
  pages={334--344},
  year={2000},
  publisher={American Institute of Physics}
}

@article{eickhoff2003electronics,
  title={Electronics and sensors based on pyroelectric {AlGaN/GaN} heterostructures--Part {B}: Sensor applications},
  author={Eickhoff, M and Schalwig, J and Steinhoff, G and Weidemann, O and G{\"o}rgens, L and Neuberger, R and Hermann, M and Baur, B and M{\"u}ller, G and Ambacher, O and others},
  journal={Physica Status Solidi (c)},
  number={6},
  pages={1908--1918},
  year={2003},
  publisher={Wiley Online Library}
}

@article{pearton2004gan,
  title={{GaN}-based diodes and transistors for chemical, gas, biological and pressure sensing},
  author={Pearton, SJ and Kang, BS and Kim, Suku and Ren, F and Gila, BP and Abernathy, CR and Lin, Jenshan and Chu, SNG},
  journal={Journal of Physics: Condensed Matter},
  volume={16},
  number={29},
  pages={R961},
  year={2004},
  publisher={IOP Publishing}
}

@article{chen2008low,
  title={Low {Hg} ({II}) ion concentration electrical detection with {AlGaN/GaN} high electron mobility transistors},
  author={Chen, KH and Wang, HW and Kang, BS and Chang, CY and Wang, YL and Lele, TP and Ren, F and Pearton, SJ and Dabiran, A and Osinsky, A and others},
  journal={Sensors and Actuators B: Chemical},
  volume={134},
  number={2},
  pages={386--389},
  year={2008},
  publisher={Elsevier}
}

@article{chang2008co,
  title={{CO2} detection using polyethylenimine/starch functionalized {AlGaN/GaN} high electron mobility transistors},
  author={Chang, CY and Kang, BS and Wang, HT and Ren, F and Wang, YL and Pearton, SJ and Dennis, DM and Johnson, JW and Rajagopal, P and Roberts, JC and others},
  journal={Applied Physics Letters},
  volume={92},
  number={23},
  pages={232102},
  year={2008},
  publisher={American Institute of Physics}
}

@article{guo2012ph,
  title={{pH} sensor based on an {AlGaN/GaN} {HEMT} structure},
  author={Guo, Zhibo and Wang, Lai and Hao, Zhibiao and Luo, Yi},
  journal={Procedia Engineering},
  volume={27},
  pages={693--697},
  year={2012},
  publisher={Elsevier}
}

@article{kang2005electrical,
  title={Electrical detection of immobilized proteins with ungated {AlGaN/GaN} high-electron-mobility Transistors},
  author={Kang, Byoung Sam and Ren, Fan and Wang, Lin and Lofton, Charles and Tan, Weihong W and Pearton, SJ and Dabiran, Al and Osinsky, A and Chow, PP},
  journal={Applied Physics Letters},
  volume={87},
  number={2},
  pages={023508},
  year={2005},
  publisher={American Institute of Physics}
}

@article{kokawa2006liquid,
  title={Liquid-phase sensors using open-gate {AlGaN/GaN} high electron mobility transistor structure},
  author={Kokawa, Takuya and Sato, Taketomo and Hasegawa, Hideki and Hashizume, Tamotsu},
  journal={Journal of Vacuum Science \& Technology B: Microelectronics and Nanometer Structures Processing, Measurement, and Phenomena},
  volume={24},
  number={4},
  pages={1972--1976},
  year={2006},
  publisher={American Vacuum Society}
}

@article{kang2005capacitance,
  title={Capacitance pressure sensor based on {GaN} high-electron-mobility transistor-on-{Si} membrane},
  author={Kang, BS and Kim, J and Jang, S and Ren, F and Johnson, JW and Therrien, RJ and Rajagopal, P and Roberts, JC and Piner, EL and Linthicum, KJ and others},
  journal={Applied Physics Letters},
  volume={86},
  number={25},
  pages={253502},
  year={2005},
  publisher={American Institute of Physics}
}

@article{sun2020low,
  title={Low power {AlGaN/GaN} {MEMS} pressure sensor for high vacuum application},
  author={Sun, Jianwen and Hu, Dong and Liu, Zewen and Middelburg, Luke M and Vollebregt, Sten and Sarro, Pasqualina M and Zhang, Guoqi},
  journal={Sensors and Actuators A: Physical},
  volume={314},
  pages={112217},
  year={2020},
  publisher={Elsevier}
}

@article{zimmermann2006piezoelectric,
  title={Piezoelectric {GaN} sensor structures},
  author={Zimmermann, T and Neuburger, M and Benkart, P and Hern{\'a}ndez-Guill{\'e}n, FJ and Pietzka, C and Kunze, M and Daumiller, I and Dadgar, A and Krost, A and Kohn, E},
  journal={IEEE Electron Device Letters},
  volume={27},
  number={5},
  pages={309--312},
  year={2006},
  publisher={IEEE}
}

@inproceedings{khmyrova2009multi,
  title={Multi-cantilever {HEMT}-based resonant sensor},
  author={Khmyrova, Irina and Shestakova, Elena},
  booktitle={2009 IEEE International Conference on Microwaves, Communications, Antennas and Electronics Systems},
  pages={1--4},
  year={2009},
  organization={IEEE}
}

@article{vittoz2011analytical,
  title={Analytical and numerical modelling of {AlGaN/GaN/AlN} heterostructure based cantilevers for mechanical sensing in harsh environments},
  author={Vittoz, S and Rufer, L and Rehder, G and Heinle, U and Benkart, P},
  journal={Sensors and Actuators A: Physical},
  volume={172},
  number={1},
  pages={27--34},
  year={2011},
  publisher={Elsevier}
}

@article{ansari2014thickness,
  title={A thickness-mode {AlGaN/GaN} resonant body high electron mobility transistor},
  author={Ansari, Azadeh and Rais-Zadeh, Mina},
  journal={IEEE Transactions on Electron Devices},
  volume={61},
  number={4},
  pages={1006--1013},
  year={2014},
  publisher={IEEE}
}

@inproceedings{ansari2012monolithic,
  title={Monolithic integration of GaN-based micromechanical resonators and HEMTs for timing applications},
  author={Ansari, Azadeh and Gokhale, Vikrant J and Roberts, John and Rais-Zadeh, Mina},
  booktitle={2012 International Electron Devices Meeting},
  pages={15--5},
  year={2012},
  organization={IEEE}
}

@article{sarangadharan2018high,
  title={High sensitivity cardiac troponin {I} detection in physiological environment using {AlGaN/GaN} High Electron Mobility Transistor ({HEMT}) Biosensors},
  author={Sarangadharan, Indu and Regmi, Abiral and Chen, Yen-Wen and Hsu, Chen-Pin and Chen, Pei-chi and Chang, Wen-Hsin and Lee, Geng-Yen and Chyi, Jen-Inn and Shiesh, Shu-Chu and Lee, Gwo-Bin and others},
  journal={Biosensors and Bioelectronics},
  volume={100},
  pages={282--289},
  year={2018},
  publisher={Elsevier}
}

@article{zorman2008micro,
  title={Micro-and nanomechanical structures for silicon carbide {MEMS} and {NEMS}},
  author={Zorman, Christian A and Parro, Rocco J},
  journal={Physica Status Solidi (b)},
  volume={245},
  number={7},
  pages={1404--1424},
  year={2008},
  publisher={Wiley Online Library}
}

@article{brueckner2011micro,
  title={Micro-and nano-electromechanical resonators based on {SiC} and group {III}-nitrides for sensor applications},
  author={Brueckner, K and Niebelschuetz, F and Tonisch, Katja and Foerster, Ch and Cimalla, Volker and Stephan, R and Pezoldt, Joerg and Stauden, Thomas and Ambacher, Oliver and Hein, MA},
  journal={Physica Status Solidi (a)},
  volume={208},
  number={2},
  pages={357--376},
  year={2011},
  publisher={Wiley Online Library}
}

@article{yamada2021fabrication,
  title={Fabrication of {GaN} cantilever on {GaN} substrate by photo-electrochemical etching},
  author={Yamada, Takehiro and Ando, Yuto and Watanabe, Hirotaka and Furusawa, Yuta and Tanaka, Atsushi and Deki, Manato and Nitta, Shugo and Honda, Yoshio and Suda, Jun and Amano, Hiroshi},
  journal={Applied Physics Express},
  volume={14},
  number={3},
  pages={036505},
  year={2021},
  publisher={IOP Publishing}
}

@article{davies2004fabrication,
  title={Fabrication of {GaN} cantilevers on silicon substrates for microelectromechanical devices},
  author={Davies, S and Huang, TS and Gass, MH and Papworth, AJ and Joyce, TB and Chalker, PR},
  journal={Applied Physics Letters},
  volume={84},
  number={14},
  pages={2566--2568},
  year={2004},
  publisher={American Institute of Physics}
}

@inproceedings{lv2011characterization-a,
  title={Characterization of {AlGaN/GaN} Cantilevers Fabricated with Deep-Release Techniques},
  author={Lv, Jian An and Yang, Zhen Chuan and Yan, Gui Zheng and Cai, Yong and Zhang, Bao Shun and Chen, Kevin J},
  booktitle={Key Engineering Materials},
  volume={483},
  pages={14--17},
  year={2011},
  organization={Trans Tech Publ}
}

@inproceedings{lv2011characterization-b,
  title={Characterization of {GaN} cantilevers fabricated with {GaN}-on-silicon platform},
  author={Lv, JN and Yang, ZC and Yan, GZ and Cai, Y and Zhang, BS and Chen, KJ},
  booktitle={2011 IEEE 24th International Conference on Micro Electro Mechanical Systems},
  pages={388--391},
  year={2011},
  organization={IEEE}
}

@article{bykhovski1993influence,
  title={The influence of the strain-induced electric field on the charge distribution in {GaN}-{AlN}-{GaN} structure},
  author={Bykhovski, Alexei and Gelmont, Boris and Shur, Michael},
  journal={Journal of Applied Physics},
  volume={74},
  number={11},
  pages={6734--6739},
  year={1993},
  publisher={American Institute of Physics}
}

@article{bykhovski1997elastic,
  title={Elastic strain relaxation and piezoeffect in {GaN}-{AlN}, {GaN}-{AlGaN} and {GaN}-{InGaN} superlattices},
  author={Bykhovski, AD and Gelmont, BL and Shur, MS},
  journal={Journal of Applied Physics},
  volume={81},
  number={9},
  pages={6332--6338},
  year={1997},
  publisher={American Institute of Physics}
}

@article{gualtieri1994piezoelectric,
  title={Piezoelectric materials for acoustic wave applications},
  author={Gualtieri, John G and Kosinski, John A and Ballato, Arthur},
  journal={IEEE Transactions on Ultrasonics, Ferroelectrics, and Frequency Control},
  volume={41},
  number={1},
  pages={53--59},
  year={1994},
  publisher={IEEE}
}

@article{o1973acoustic,
  title={Acoustic surface wave properties of epitaxially grown aluminum nitride and gallium nitride on sapphire},
  author={O'Clock Jr, GD and Duffy, MT},
  journal={Applied Physics Letters},
  volume={23},
  number={2},
  pages={55--56},
  year={1973},
  publisher={American Institute of Physics}
}

@article{resta1994macroscopic,
  title={Macroscopic polarization in crystalline dielectrics: the geometric phase approach},
  author={Resta, Raffaele},
  journal={Reviews of Modern Physics},
  volume={66},
  number={3},
  pages={899},
  year={1994},
  publisher={APS}
}

@article{king1993theory,
  title={Theory of polarization of crystalline solids},
  author={King-Smith, RD and Vanderbilt, David},
  journal={Physical Review B},
  volume={47},
  number={3},
  pages={1651},
  year={1993},
  publisher={APS}
}

@article{kim2013polarization,
  title={Polarization-Engineered {Ga}-Face GaN-Based Heterostructures for Normally-Off Heterostructure Field-Effect Transistors},
  author={Kim, Hyeongnam and Nath, Digbijoy and Rajan, Siddharth and Lu, Wu},
  journal={Journal of Electronic Materials},
  volume={42},
  number={1},
  pages={10--14},
  year={2013},
  publisher={Springer}
}

@article{jena2011polarization,
  title={Polarization-engineering in group {III}-nitride heterostructures: New opportunities for device design},
  author={Jena, Debdeep and Simon, John and Wang, Albert and Cao, Yu and Goodman, Kevin and Verma, Jai and Ganguly, Satyaki and Li, Guowang and Karda, Kamal and Protasenko, Vladimir and others},
  journal={Physica Status Solidi (a)},
  volume={208},
  number={7},
  pages={1511--1516},
  year={2011},
  publisher={Wiley Online Library}
}

@article{verma2018polarization,
  title={Polarization engineered enhancement mode {GaN} {HEMT}: Design and investigation},
  author={Verma, Sumit and Loan, Sajad A and Alharbi, Abdullah G},
  journal={Superlattices and Microstructures},
  volume={119},
  pages={181--193},
  year={2018},
  publisher={Elsevier}
}

@article{jang2002characterization,
  title={Characterization of band bendings on {Ga}-face and {N}-face {GaN} films grown by metalorganic chemical-vapor deposition},
  author={Jang, Ho Won and Lee, Jung-Hee and Lee, Jong-Lam},
  journal={Applied Physics Letters},
  volume={80},
  number={21},
  pages={3955--3957},
  year={2002},
  publisher={American Institute of Physics}
}

@article{dimitrov2000two,
  title={Two-dimensional electron gases in {Ga}-face and {N}-face {AlGaN/GaN} heterostructures grown by plasma-induced molecular beam epitaxy and metalorganic chemical vapor deposition on sapphire},
  author={Dimitrov, R and Murphy, M and Smart, J and Schaff, W and Shealy, JR and Eastman, LF and Ambacher, O and Stutzmann, M},
  journal={Journal of Applied Physics},
  volume={87},
  number={7},
  pages={3375--3380},
  year={2000},
  publisher={American Institute of Physics}
}

@article{guerra2010comparison,
  title={Comparison of {N}- and {Ga}-face {GaN} {HEMTs} through cellular {Monte} {Carlo} simulations},
  author={Guerra, Diego and Saraniti, Marco and Faralli, Nicolas and Ferry, David K and Goodnick, Stephen M and Marino, Fabio Alessio},
  journal={IEEE Transactions on Electron Devices},
  volume={57},
  number={12},
  pages={3348--3354},
  year={2010},
  publisher={IEEE}
}

@article{dimitrov1999comparison,
  title={Comparison of {N}-face and {Ga}-face {AlGaN/GaN}-based high electron mobility transistors grown by plasma-induced molecular beam epitaxy},
  author={Dimitrov, R and Mitchell, A and Wittmer, L and Ambacher, O and Stutzmann, M and Hilsenbeck, J and Rieger, W},
  journal={Japanese Journal of Applied Physics},
  volume={38},
  number={9R},
  pages={4962},
  year={1999},
  publisher={IOP Publishing}
}

@article{park2011simulation,
  title={Simulation of short-channel effects in {N}- and {Ga}-polar {AlGaN/GaN} {HEMTs}},
  author={Park, Pil Sung and Rajan, Siddharth},
  journal={IEEE Transactions on Electron Devices},
  volume={58},
  number={3},
  pages={704--708},
  year={2011},
  publisher={IEEE}
}

@article{buchheim2004photoreflectance,
  title={Photoreflectance studies of ({Al}) {Ga}- and {N}-face {AlGaN/GaN} heterostructures},
  author={Buchheim, C and Winzer, AT and Goldhahn, R and Gobsch, G and Ambacher, O and Link, A and Eickhoff, M and Stutzmann, M},
  journal={Thin Solid Films},
  volume={450},
  number={1},
  pages={155--158},
  year={2004},
  publisher={Elsevier}
}

@inproceedings{morkoc2008polarization,
author={Morkoc, Hadis and Leach, Jacob},
title={Polarization in {GaN} Based Heterostructures and Heterojunction Field Effect Transistors ({HFETs})},
bookTitle={Polarization Effects in Semiconductors: From Ab InitioTheory to Device Applications},
year={2008},
publisher={Springer},
pages={373--466}
}

@phdthesis{vetury2000polarization,
  title={Polarization Induced {2DEG} in Aluminum Gallium Nitride/Gallium Nitride {HEMTs}: On the Origin, DC and Transient Characterization},
  author={Vetury, Ramakrishna},
  year={2000},
  school={University of California, Santa Barbara}
}

@article{vegard1921konstitution,
  title={Die konstitution der mischkristalle und die raumf{\"u}llung der atome},
  author={Vegard, Lars},
  journal={Zeitschrift f{\"u}r Physik},
  volume={5},
  number={1},
  pages={17--26},
  year={1921},
  publisher={Springer}
}

@article{denton1991vegard,
  title={Vegardâ€™s law},
  author={Denton, Alan R and Ashcroft, Neil W},
  journal={Physical Review A},
  volume={43},
  number={6},
  pages={3161},
  year={1991},
  publisher={APS}
}

@article{lopuszynski2012ordering,
  title={Ordering in ternary nitride semiconducting alloys},
  author={{\L}opuszy{\'n}ski, Micha{\l} and Majewski, Jacek A},
  journal={Physical Review B},
  volume={85},
  number={3},
  pages={035211},
  year={2012},
  publisher={APS}
}

@article{vurgaftman2003band,
  title={Band parameters for nitrogen-containing semiconductors},
  author={Vurgaftman, I and Meyer, JR n},
  journal={Journal of Applied Physics},
  volume={94},
  number={6},
  pages={3675--3696},
  year={2003},
  publisher={American Institute of Physics}
}

@article{bernardini1997spontaneous,
  title={Spontaneous polarization and piezoelectric constants of {III}-{V} nitrides},
  author={Bernardini, Fabio and Fiorentini, Vincenzo and Vanderbilt, David},
  journal={Physical Review B},
  volume={56},
  number={16},
  pages={R10024},
  year={1997},
  publisher={APS}
}

@book{stevens2013thermo,
  title={Thermo-Piezo-Electro-Mechanical Simulation of {AlGaN} (Aluminum Gallium Nitride)/{GaN} (Gallium Nitride) High Electron Mobility Transistors},
  author={Stevens, Lorin E},
  year={2013},
  publisher={Utah State University}
}

@article{pal2011second,
  title={Second-order piezoelectricity in wurtzite {III}-{N} semiconductors},
  author={Pal, Joydeep and Tse, Geoffrey and Haxha, Vesel and Migliorato, Max A and Tomi{\'c}, Stanko},
  journal={Physical Review B},
  volume={84},
  number={8},
  pages={085211},
  year={2011},
  publisher={APS}
}

@article{qin2017mechanical,
  title={Mechanical, thermodynamic and electronic properties of wurtzite and zinc-blende {GaN} crystals},
  author={Qin, Hongbo and Luan, Xinghe and Feng, Chuang and Yang, Daoguo and Zhang, Guoqi},
  journal={Materials},
  volume={10},
  number={12},
  pages={1419},
  year={2017},
  publisher={Multidisciplinary Digital Publishing Institute}
}

@article{ben2014young,
  title={Young's modulus extraction of epitaxial heterostructure {AlGaN/GaN} for {MEMS} application},
  author={Ben Amar, Achraf and Faucher, Marc and Brandli, Virginie and Cordier, Yvon and Th{\'e}ron, Didier},
  journal={Physica Status Solidi (a)},
  volume={211},
  number={7},
  pages={1655--1659},
  year={2014},
  publisher={Wiley Online Library}
}

@article{nowak1999elastic,
  title={Elastic and plastic properties of {GaN} determined by nano-indentation of bulk crystal},
  author={Nowak, Roman and Pessa, M and Suganuma, M and Leszczynski, M and Grzegory, I and Porowski, S and Yoshida, F},
  journal={Applied Physics Letters},
  volume={75},
  number={14},
  pages={2070--2072},
  year={1999},
  publisher={American Institute of Physics}
}

@inproceedings{lenka2011self,
  title={Self-consistent subband calculations of {AlxGa1-xN}/({AlN})/{GaN}-based high electron mobility transistor},
  author={Lenka, TR and Panda, AK},
  booktitle={Advanced Materials Research},
  volume={159},
  pages={342--347},
  year={2011},
  organization={Trans Tech Publ}
}

@article{lee2002self,
  title={Self-Consistent Subband Calculations of {AlGaN/GaN} Single Heterojunctions},
  author={Lee, Kyu-Seok and Yoon, Doo-Hyeb and Bae, Sung-Bum and Park, Mi-Ran and Kim, Gil-Ho},
  journal={ETRI Journal},
  volume={24},
  number={4},
  pages={270--279},
  year={2002},
  publisher={Wiley Online Library}
}

@article{ambacher1999two-b,
  title={Two-dimensional electron gases induced by spontaneous and piezoelectric polarization charges in {N}- and {Ga}-face {AlGaN/GaN} heterostructures},
  author={Ambacher, O and Smart, J and Shealy, JR and Weimann, NG and Chu, K and Murphy, M and Schaff, WJ and Eastman, LF and Dimitrov, R and Wittmer, L and others},
  journal={Journal of Applied Physics},
  volume={85},
  number={6},
  pages={3222--3233},
  year={1999},
  publisher={American Institute of Physics}
}

@inproceedings{lenka20142deg,
  title={{2DEG} transport characteristics by self-consistent subband calculations of Schr{\"o}dinger and poisson equations in {InAlN/GaN} {HEMT}},
  author={Lenka, TR and Dash, GN and Panda, AK},
  booktitle={2014 IEEE 9th Nanotechnology Materials and Devices Conference (NMDC)},
  pages={124--127},
  year={2014},
  organization={IEEE}
}

@phdthesis{jiang2018thesis,  
author={Chunyan Jiang}, 
title={Applications of Piezotronics and Piezophotonics in Gallium Nitride Based Devices}, 
school={University of Chinese Academy of Sciences}, 
year={2018},   
}